2460 4186
76 87 154 162 110

74 310 145 352 curn
174 300 233 350 tam
265 288 358 351 multa
385 300 413 350 et
444 290 617 374 cogitaverit
649 299 677 350 et
709 287 817 351 dixerit
844 290 969 373 egregie,
1003 290 1038 351 iis
1072 310 1147 375 quae

72 392 107 453 in
137 390 217 453 {ibris
247 393 309 453 eius
347 391 478 475 dispersa
519 403 589 453 sunt
618 401 669 452 aut
705 411 872 475 repugnare
908 389 964 452 sibi
997 390 1145 466 videntur,

74 492 191 554 collatis
224 503 312 574 atque
344 493 379 555 ad
415 505 504 555 artem
539 492 686 578 quandam
721 492 853 568 redactis,
887 515 946 556 non
978 514 1081 555 vercor
1111 516 1146 556 ne

75 594 108 656 in
150 593 202 656 has
246 594 412 657 studiorum
461 596 603 679 primitias
644 594 717 657 illud
758 591 867 675 γλαῦκ’
911 594 957 666 εἰς
995 589 1146 679 Ἀθήνας

76 696 182 760 cadere
219 695 363 761 videatur.
410 697 505 760 Maius
542 696 651 759 scilicet
687 695 760 759 iliud
799 707 897 772 restat,
944 708 977 759 ut
1014 695 1146 759 doctrina

76 797 206 862 Senecae
233 798 268 863 de
295 811 356 862 arie
380 802 456 862 vitae
484 800 648 862 accuratius
678 810 828 863 tractetur.
875 799 1042 861 Tamenetsi
1069 801 1144 860 enim

77 922 164 984 saepe
185 900 440 986 temperaremihi
470 923 529 963 non
556 911 697 984 poteram,
728 903 798 987 quin
825 922 881 986 qua
908 903 1020 962 ratione
1048 922 1086 963 ex
1113 922 1146 962 ca

77 1024 176 1065 rerum
199 1015 313 1079 natura,
337 1025 425 1089 quam
449 1003 497 1067 iiie
519 1003 574 1066 sibi
591 1005 701 1076 stituit,
727 1026 821 1066 mores
837 1017 923 1089 atque
940 1001 1032 1064 officia
1048 1001 1145 1064 horni-

76 1126 148 1167 nurn
172 1103 298 1189 pendere
321 1105 501 1182 viderentur,
525 1108 581 1168 iam
605 1105 660 1167 hoc
684 1104 782 1168 libello
806 1126 1018 1192 nonnunquam
1043 1105 1146 1166 ieviter

77 1205 285 1292 significarem:
314 1207 384 1271 haec
410 1220 507 1270 tamen
536 1230 604 1293 pars
632 1207 836 1292 philosophiae
864 1212 955 1270 maior
977 1218 1029 1280 est,
1057 1227 1144 1292 quam

78 1330 152 1394 quae
179 1311 280 1394 paucis
304 1313 397 1395 possit
422 1310 629 1396 comprehendi
664 1322 693 1373 et
724 1309 846 1374 absolvi.
890 1311 968 1372 iilud
996 1312 1087 1394 igitur
1115 1311 1144 1371 in

77 1410 156 1474 ahud
181 1424 295 1497 ternpus
318 1411 510 1476 differendum
534 1424 589 1487 est3
614 1412 684 1474 haec
706 1411 825 1498 quidem
848 1411 997 1476 hactenus.
1019 1449 1061 1458 —
