2460 4186
539 373 744 491 vita.

193 580 279 643 Orro
296 578 448 658 flammeus
472 579 636 644 Ronanrus
649 581 838 644 Wnrzsrnm
856 578 1039 654 Carwitciae‚
1059 582 1090 641 in
1106 581 1170 642 vico

108 696 368 782 Megalopolitano,
392 697 420 762 d.
443 697 495 764 IV.
520 721 555 764 m.
579 699 655 763 Νον.
680 722 704 762 a.
727 696 968 762 MDCCCXLlV
997 709 1083 759 uatus
1107 719 1172 759 sum

106 826 188 898 patre
212 814 345 889 flemme,
369 830 457 901 quem
475 838 569 902 usque
592 815 722 879 adhunc
744 816 819 879 diem
836 816 971 879 ecclesiae
988 815 1171 901 evangelicae

106 944 251 1016 pastorem
280 936 432 1020 paroeciae
460 934 644 998 Strasencusi
676 955 808 1020 praeesse
839 957 1016 1022 magnopere
1044 934 1170 1022 gaudeo,

106 1063 197 1114 rnatre
220 1052 383 1142 Albertina‚
416 1064 539 1139 egente
563 1053 699 1128 Piniana,
737 1076 812 1139 quae
840 1053 948 1117 abhinc
980 1056 1094 1116 circiter
1116 1029 1171 1118 sex

104 1174 186 1234 arinis
210 1194 274 1234 cum
298 1194 413 1235 summo
437 1170 537 1234 dolore
560 1194 624 1237 meo
648 1171 684 1233 dc
707 1174 767 1233 vita
790 1175 923 1237 excessit.
973 1171 1077 1235 Fidem
1100 1195 1171 1260 pro-

104 1289 188 1352 fiteor
210 1290 418 1377 evangelicam.

188 1410 364 1474 Litterarum
386 1410 560 1474 rudimentis
584 1422 612 1471 ct
634 1431 650 1472 a
673 1421 755 1494 patre
778 1420 806 1472 et
828 1410 920 1472 aludi
945 1414 1092 1497 magistris
1115 1415 1170 1475 im-

102 1530 192 1591 butus
230 1551 303 1614 puer
338 1528 396 1592 lere
432 1530 505 1594 Xlll
542 1550 688 1592 annorum
728 1528 883 1614 Gymnasii
918 1529 1054 1606 Carolini,
1089 1531 1170 1616 quod

102 1648 265 1714 Strelitziae
288 1649 390 1745 Novqc
413 1660 464 1725 est,
488 1661 593 1734 quarto
617 1648 713 1712 ordini
737 1647 901 1734 adscriptus
931 1650 997 1712 iude
1024 1671 1076 1734 per
1099 1649 1168 1713 Vlll

100 1791 191 1833 annos
215 1769 337 1846 archus,
361 1768 470 1855 quihus
493 1769 701 1832 adolescentuli
724 1767 761 1830 ad
784 1768 994 1832 humanitatem
1018 1768 1168 1833 informari

100 1889 202 1962 solent,
227 1911 278 1972 per
300 1900 504 1976 praeceptores
528 1887 598 1950 mihi
622 1890 786 1949 carissimos
809 1891 970 1951 instructus
985 1911 1059 1962 sum,
1076 1888 1168 1952 donec

101 2030 168 2070 vere
192 2013 259 2070 anui
285 2006 369 2071 LXV
391 2007 419 2071 h.
443 2030 465 2071 s.
490 2009 665 2069 maturitatis
688 2009 855 2069 testimonio
883 2020 1005 2070 ornatus
1034 2008 1166 2071 altiorem

100 2127 244 2213 quendam
268 2126 438 2212 disciplinae
460 2125 586 2210 gradum
609 2125 765 2188 ascendere
787 2149 912 2211 possem.
956 2127 1027 2190 lude
1050 2129 1086 2190 ab
1117 2128 1166 2190 illo

97 2260 230 2331 tempore
268 2247 357 2310 Halae
396 2266 448 2330 per
490 2246 640 2307 biennium
686 2244 852 2330 theologiae
893 2268 926 2308 ac
961 2246 1166 2332 philosophiae

100 2389 217 2451 operam
246 2369 366 2441 navavi3
401 2377 464 2428 tum
499 2375 655 2449 postquam
687 2366 722 2428 ad
750 2365 924 2429 academiam
957 2365 1165 2452 Erlangensem

98 2488 314 2572 transmigravi,
339 2485 383 2548 bis
407 2507 460 2548 sex
483 2505 597 2547 menses
629 2484 665 2547 ad
693 2484 859 2571 theologiae
886 2489 1074 2571 potissimum
1102 2500 1165 2550 stu-

97 2606 178 2668 dium
212 2608 252 2667 ita
282 2626 327 2667 me
359 2604 478 2679 contuli,
509 2607 553 2666 uti
587 2617 615 2666 et
649 2627 727 2668 anno
760 2616 861 2690 postea
896 2606 1011 2691 publice
1038 2608 1164 2691 probato

97 2724 169 2786 mihi
192 2748 207 2787 a
226 2746 341 2787 summo
358 2722 542 2787 Consistorio
558 2723 808 2789 Neostrelitzieusi
832 2728 1022 2788 concionandi
1041 2727 1163 2801 licentia,

95 2864 169 2927 quae
201 2855 332 2919 vocatur,
367 2842 495 2917 daretur,
534 2855 562 2905 ct
598 2846 703 2906 iterum
742 2845 832 2907 altero
871 2848 1003 2908 examine
1040 2845 1165 2907 feliciter

96 2972 242 3044 superato,
276 2961 395 3025 duobus
428 2975 495 3046 post
525 2936 613 3026 annis!
637 2962 758 3025 facultas
791 2963 925 3025 eeclesiae
956 2968 1083 3027 muueris
1111 2965 1163 3028 ad-

96 3078 278 3141 ministrandi
301 3103 338 3144 ex
361 3081 461 3144 eodem
485 3079 549 3143 foro
566 3082 636 3143 mihi
659 3081 874 3145 decerneretur.
904 3083 1023 3145 interim
1045 3096 1161 3167 postea-

94 3218 181 3283 quam
210 3197 352 3275 Pritzieri‚
389 3203 440 3287 qui
474 3204 557 3263 vicus
587 3200 967 3286 Megalopolitanus-haud
995 3198 1096 3286 procul
1124 3203 1160 3266 ab

93 3317 167 3380 urbe
190 3317 326 3383 Sueriuia
350 3318 440 3395 abest,
465 3332 637 3406 praeceptor
659 3320 836 3382 domesticus
865 3343 978 3383 annum
1008 3324 1035 3383 in
1063 3323 1160 3385 tribus

93 3441 192 3523 pueris
214 3437 372 3501 educandis
393 3442 549 3515 consumsi,
573 3463 597 3505 a.
615 3439 716 3503 tXlX
734 3438 763 3504 h.
781 3461 803 3504 s.
821 3442 850 3501 in
865 3444 987 3524 patriam
1005 3453 1159 3505 revocatus

90 3580 165 3632 sum,
191 3570 224 3621 ut
239 3557 406 3622 Strelitziae
421 3559 523 3624 Novae
546 3559 662 3623 scholae
678 3560 773 3634 realis,
791 3580 866 3645 quae
882 3560 997 3636 dicitur,
1022 3565 1161 3647 magister

91 3677 188 3740 fierem
217 3692 338 3739 numero
366 3679 496 3763 quintus.
541 3677 606 3760 Quo
636 3700 755 3741 munere
784 3678 926 3764 fungenti
941 3678 1047 3741 abhinc
1069 3701 1159 3762 paene

91 3794 247 3860 duodecim
278 3818 371 3859 anuos
399 3818 458 3878 nou
492 3795 590 3859 solum
623 3796 760 3882 deinceps
793 3797 864 3860 mihi
893 3800 1025 3882 contigit,
1062 3810 1095 3861 ut
1121 3797 1158 3860 ad
