2460 4186
1103 175 1149 261 59

89 372 175 447 lalsac
208 383 247 446 rei
276 389 465 470 concipimus
496 387 546 448 scd
576 366 933 470 qualem'cnulirmamus,
961 387 1149 450 exhibuimus

88 499 116 548 ct
139 487 353 561 exhibebimus,
381 508 449 550 raro
477 483 596 549 l'orsitau
628 491 795 574 magnisque.
830 500 954 550 :iactatum
989 488 1149 551 intervallis

89 611 187 652 33333.
228 589 328 674 Neque
346 590 428 652 enirn
454 582 562 679 magna
581 598 609 651 et
625 588 792 651 excedentia
816 590 933 652 solitum
950 612 981 652 ac
999 592 1149 676 vulgarem

87 689 206 752 modum
231 694 332 754 crebro
355 680 539 776 gign'uutur‘l
560 697 703 768 (contum.
726 688 754 755 7.
780 680 821 765 lt.

150 792 268 876 Integra
291 804 395 855 natura
418 788 545 855 bumana
562 794 655 878 posita
672 815 729 854 nnn
747 777 824 855 aliud
846 803 943 881 potest
963 794 1074 880 colligi:
1098 793 1148 856 scd

87 916 126 955 ex
161 891 216 953 bis
240 891 378 956 omuibus
412 884 574 956 luculenter
612 907 740 1011 apparet,
775 899 891 981 quantis
932 897 959 956 in
999 896 1148 958 erroribus

87 1016 209 1056 suorum
232 1005 259 1056 31
282 995 392 1089 Seneca
414 982 531 1058 haere'at
546 1006 573 1058 et
589 996 737 1080 quoad
710 1000 796 1058 nnnia
813 996 906 1058 bonae
922 996 1027 1059 indolis
1043 995 1148 1060 fiducia

87 1095 253 1173 ducatflnr)
286 1076 337 1160 At
360 1095 409 1159 ubi
433 1099 573 1182 genuum,
590 1119 695 1183 mque
720 1101 875 1169 invenitur,
898 1101 948 1200 qni
972 1103 1012 1161 sic
1033 1103 1148 1184 sapiens

85 1196 182 1273 luerit,
206 1210 238 1261 ut
261 1196 421 1283 sapientem
443 1199 548 1262 volunt
571 1199 719 1285 intellegi?
775 1199 818 1263 Dc
840 1200 893 1262 bac
920 1224 950 1263 re
978 1198 1149 1286 interrogati

86 1299 147 1362 fieri
172 1323 229 1362 non
260 1301 357 1384 potuit
383 1301 453 1386 quin
478 1300 578 1374 Stoici,
607 1322 782 1386 quamquam
811 1301 925 1387 aliquos
955 1304 988 1364 ad
1020 1324 1149 1364 stranmae

86 1402 244 1486 sapientiae
274 1398 397 1486 elbgiem'
432 1390 558 1464 scribere
592 1422 650 1464 non
685 1402 867 1476 destiterunt,
896 1425 926 1465 re
954 1425 1022 1465 vera
1053 1406 1151 1465 tamen'

84 1505 179 1587 magis
203 1505 350 1588 magisque
374 1505 474 1566 incerti
502 1503 613 1578 fierent,
644 1527 712 1566 num
742 1505 846 1590 aliquis
869 1507 897 1566 in
926 1527 986 1567 eam
1016 1503 1146 1580 formam,

84 1626 171 1690 quam
195 1608 289 1667 animo
314 1607 550 1691 cogitationeque
573 1607 786 1691 concipiebant,
811 1609 850 1669 sic
867 1606 974 1669 includi
990 1619 1098 1695 posset,
1116 1617 1148 1668 nt

84 1708 220 1771 omnibus
242 1698 741 1792 31131133333133113331313331339).
772 1709 968 1792 Quamobrem
992 1712 1045 1771 iarn
1063 1710 1147 1772 Posi-

82 1810 199 1885 donius,
217 1831 307 1897 quum
325 1831 362 1872 ex
379 1812 508 1872 om'nium
525 1820 652 1872 actatum
674 1804 811 1873 memoria
834 1814 976 1874 neminem
998 1814 1146 1896 reperiret,

80 1917 166 1998 quem
186 1912 334 1974 instantis
352 1910 490 1974 laudibus
507 1924 632 1987 ornaret,
654 1912 688 1974 ad
710 1910 874 1976 labulosnm
897 1913 968 1975 illud
990 1906 1147 1988 saeculum,

82 2013 164 2100 quod
188 2020 308 2076 aureum
332 2002 551 2098 perhibebatur,
576 2012 740 2099 confugisse
763 2015 877 2079 dicitur.
912 2015 1014 2101 Neque
1038 2004 1146 2080 Seneca

82 2117 231 2179 mentione
245 2114 324 2178 iilius
348 2108 420 2176 13313
443 2116 538 2201 negat,
556 2119 709 2212 quicquam
730 2108 881 2180 bominum
899 2117 948 2179 illo
964 2139 1069 2203 genere
1086 2139 1147 2179 esse

81 2218 204 2284 felicius
244 2208 393 2337 illiniabe
383 2219 457 2280 euim
481 2210 648 2323 contemnit,
672 2219 814 2305 quidquid
838 2218 903 2291 de
906 2219 994 2294 lelacc
1011 2231 1038 2283 ct
1053 2233 1149 2306 puro

80 2377 285 2385 -—--—-

171 2441 192 2509 ¹)
228 2442 316 2529 Quare
347 2412 511 2523 'quantopere
535 2442 636 2497 Seneca
663 2459 679 2496 a
702 2442 821 2498 doctrina
847 2444 973 2499 librorum
1000 2445 1147 2502 divinorum

83 2518 254 2596 discrepet,
246 2545 275 2582 m
295 2534 420 2599 promptu
442 2516 662 2595 manifestumque
680 2534 731 2583 est.
768 2530 953 2597 Quaecumque
977 2530 1079 2587 scssice't
1101 2532 1147 2587 ssle

84 2616 118 2670 de
136 2614 300 2668 conscientia
318 2615 396 2670 animi
414 2615 486 2682 dicit,
508 2614 692 2668 testimonio
683 2615 716 2669 1is
740 2630 798 2669 esse
820 2615 945 2685 possunt,¹
962 2629 1030 2683 quae
1048 2616 1147 2676 Paulus

82 2708 168 2772 apost.
187 2701 268 2754 etiam
285 2700 447 2768 gentilium'
439 2701 545 2770 mgenio
566 2700 670 2754 tribuit:
688 2702 727 2765 τὰ
751 2702 845 2788 ἔργον
866 2707 924 2766 τοῦ
947 2699 1051 2808 36333
1071 2728 1148 2789 γρα-

79 2786 167 2855 πτὸν
188 2787 225 2852 ἐν
246 2791 320 2858 ταῖς
341 2785 491 2871 καρδίαις
514 2779 623 2850 oleata
646 2783 940 2870 συμμαρτυρούσης
962 2782 1071 2852 αὐτῶν
1093 2793 1147 2872 τῆς

80 2887 303 2986 συνειόοζσεως
317 2887 404 2956 (Ritm
416 2891 450 2959 ,2,
468 2892 525 2957 133
542 2891 589 2944 sed
607 2891 653 2945 ubi
670 2897 713 2945 est
728 2890 803 2957 iliud,
821 2888 973 2956 quotidem
991 2889 1024 2945 de
1041 2890 1147 2946 homine

80 2973 125 3029 vel
144 2975 258 3037 maxima
273 2975 321 3083 pio
340 2991 392 3043 ae
389 2975 495 3031 nautia
514 2976 705 3033 studiosissimo
723 2975 874 3043 profitetur:
892 2973 928 3038 τὰ
951 2980 1012 3078 μὲν
1034 2976 1147 3082 {eptem

79 3057 284 3147 arteponerent
296 3083 373 3141 μοι,
381 3083 419 3127 33
408 3058 469 3123 (li
486 3059 747 3148 κατεργάζεσθαι
769 3083 807 3123 co
797 3053 975 3123 acrlbv’
939 3080 998 3137 ουχ
1016 3057 1146 3143 capiaco

79 3159 161 3225 (Rom
189 3162 346 3227 7.18)1-

166 3243 236 3313 ²)Si
258 3247 364 3314 quidem
391 3255 432 3304 est
460 3248 531 3315 quod
558 3247 719 3302 adversariis
749 3247 894 3302 Stoicorum
922 3248 1068 3316 credamus,
1094 3265 1147 3302 non

76 3332 189 3387 multum
214 3333 315 3402 aberat,
341 3334 404 3401 quin
427 3345 513 3399 neque
542 3333 693 3400 aequalium
725 3347 811 3400 neque
833 3334 960 3388 maiorum
987 3347 1146 3401 quemquam

78 3434 137 3474 esse
155 3418 341 3489 concederent,
354 3421 399 3486 qui
417 3434 534 3474 summae
548 3420 696 3488 sapientiae
714 3427 785 3474 esset
796 3421 931 3488 particeps
946 3421 989 3484 (31.
1002 3419 1071 3475 Plut.
1089 3436 1144 3488 rep.

78 3504 158 3558 Stoic.
176 3505 205 3559 at
218 3504 318 3572 3Sext.
330 3507 407 3574 Emp.
424 3504 483 3559 adv,
496 3506 577 3558 math.
588 3504 636 3573 IX,
649 3506 715 3570 133),
739 3507 827 3562 Etiam
838 3505 982 3573 Socratem,
992 3504 1145 3576 Diogenem,

76 3583 271 3657 Antisthenem
304 3605 415 3656 quorum
442 3592 555 3644 virtutes
582 3605 667 3659 paene
691 3592 720 3644 in
747 3596 820 3645 astra
846 3590 984 3660 tollebant,
1010 3590 1145 3660 nonittam

76 3677 212 3744 sapientes
233 3671 388 3744 nuncupare
411 3675 553 3743 audebant,
577 3688 655 3743 quam
678 3677 825 3745 sapientiae
848 3677 982 3744 proximos
1004 3677 1048 3742 (cf.
1066 3677 1144 3746 Diog,

75 3763 105 3817 L.
124 3762 185 3830 vn,
208 3763 262 3826 91).
304 3760 430 3814 Eiusdem
452 3762 492 3815 rei
515 3760 617 3816 Seneca
639 3763 717 3817 testis
739 3770 781 3817 est
798 3758 843 3826 (cs.
863 3769 977 3835 contum.
1001 3763 1074 3830 213
1097 3762 1143 3819 vit.

74 3849 146 3903 beat.
168 3849 206 3900 te.
226 3848 256 3911 ³3
274 3860 316 3913 ep.
334 3847 375 3899 bl.
396 3846 443 3908 to,
460 3863 501 3916 ep.
521 3846 577 3900 tot.
597 3847 627 3900 ct
649 3848 693 3912 31).
1137 3860 1138 3865 ’
