2460 4186
1074 238 1144 312 tot

85 448 179 530 quitia
201 445 347 532 subrepit:
371 447 466 507 virtus
490 441 615 505 dilficilis
637 446 758 506 inventu
783 454 838 518 est;
866 453 1006 504 rectorem
1030 440 1149 503 ducem-

84 570 142 632 que
168 546 326 610 desiderat:
356 549 440 610 etiam
468 549 530 608 sinc
560 547 699 630 magistro
730 547 798 606 vitia
826 544 999 607 discuntnr“
1026 550 1068 620 (n,
1097 563 1147 627 qu.

83 648 133 721 ΙΙΙ,
157 648 206 713 30,
230 648 274 726 8),
323 649 375 712 Hic
404 659 435 710 tu
460 646 597 709 miraris?
641 645 895 728 Quemadmodum
925 644 997 707 mala
1027 656 1147 706 naturae

84 773 116 812 ac
144 753 214 813 vitia
243 772 307 813 cum
335 752 419 813 ruina
448 748 548 812 mundi
582 771 642 810 non
675 750 827 810 interitura
858 750 1072 821 existimantur,
1108 747 1148 807 ita

83 855 198 937 generis
232 852 351 914 humani
385 853 536 935 corruptio
569 848 641 912 adeo
676 861 798 934 putatur
831 851 858 911 in
893 852 956 934 ipsa
995 847 1146 910 hominum

83 965 187 1017 natura
209 957 314 1040 posita,
339 965 371 1014 nt
393 975 440 1014 res
463 954 547 1014 etiam
572 962 632 1013 tum
657 951 739 1014 velut
760 973 812 1013 sua
836 962 941 1034 sponte
964 952 993 1012 iu
1017 950 1146 1012 deterius

84 1054 227 1120 labantur.
272 1054 338 1137 Quo
363 1057 454 1140 magis
477 1056 551 1116 enim
576 1054 606 1114 in
629 1074 675 1114 res
698 1065 860 1115 crescentes
883 1064 911 1114 ct
934 1055 1019 1137 quasi
1049 1050 1147 1113 adole-

82 1168 193 1219 scentes
217 1159 350 1241 corporis
372 1158 520 1241 animique
542 1154 591 1216 illa
605 1153 802 1240 discrepantia
819 1153 976 1229 confertur,
1001 1175 1034 1215 eo
1052 1154 1148 1214 minus

83 1261 168 1319 vitari
192 1269 297 1342 potest,
322 1269 353 1320 ut
377 1256 431 1320 lert
453 1259 563 1341 opinio,
588 1259 720 1319 oninium
745 1258 896 1341 corruptio
919 1279 951 1318 ac
967 1255 1147 1340 depravatio.

84 1359 177 1441 Quam
215 1359 253 1422 ob
290 1380 405 1421 causam
444 1359 652 1421 exardescente
690 1358 799 1420 mundo
842 1361 947 1420 iterum
984 1361 1148 1441 iterumque

83 1473 186 1523 natura
209 1464 402 1524 intermortua
425 1460 579 1547 purganda
602 1472 631 1523 et
653 1460 808 1523 recreanda
832 1482 893 1522 esse
917 1460 1035 1521 videtur
1045 1457 1076 1535 ¹).

167 1562 227 1629 Sed
254 1565 323 1625 satis
349 1562 384 1626 dc
412 1563 466 1637 his,
495 1584 570 1648 qnae
596 1562 662 1625 ficta
690 1574 718 1624 et
751 1564 950 1625 commenticia
979 1561 1147 1625 Stoicorum

82 1687 144 1727 esse
167 1676 296 1749 apparet.
342 1664 477 1728 Adducta
501 1663 536 1726 ad
560 1667 671 1728 exitum
695 1666 827 1750 quaestio
851 1676 901 1729 est.
939 1662 1148 1747 Quaecumque

81 1767 190 1830 Seneca
214 1765 249 1828 de
272 1766 361 1829 rebus
377 1767 512 1829 humanis
530 1768 661 1841 senserit,
679 1788 765 1848 quam
784 1778 914 1851 poteram
932 1765 1147 1828 accuratissime

80 1871 232 1952 composui
255 1881 343 1954 atque
366 1889 402 1930 ex
427 1871 520 1952 ipsius
545 1868 627 1931 libris
649 1891 708 1931 non
731 1869 836 1943 minus,
860 1889 947 1953 quam
971 1889 1009 1930 ex
1032 1867 1148 1950 opinio-

81 1968 167 2030 nibus
191 1990 257 2030 cum
281 1971 376 2031 omnis
398 1970 477 2032 illius
501 1973 611 2045 aetatis,
635 1982 698 2031 tum
721 1968 837 2031 scholae
853 1969 969 2034 Stoicae
993 1967 1148 2052 explicavi.

81 2070 127 2133 Ex
151 2070 261 2155 quibus
284 2073 420 2152 quamvis
448 2073 585 2157 cognosci
614 2073 714 2155 possit,
743 2072 896 2133 interiores
924 2091 957 2131 ac
983 2067 1147 2131 reconditas

82 2171 288 2257 philosophiae
315 2170 414 2234 literas
441 2195 499 2235 non
528 2175 619 2258 magis
652 2172 733 2236 illum
768 2183 929 2235 scrutatum
960 2192 1030 2246 esse,
1060 2191 1147 2256 quam

82 2295 181 2335 omnes
212 2273 414 2336 Romanorum
451 2273 653 2358 philosophos,
686 2286 715 2336 at
750 2274 881 2335 veritatis
914 2271 1147 2335 studiosissimus

170 2477 190 2541 1)
208 2479 303 2545 ltaque
322 2476 414 2531 SlOissl
431 2480 588 2556 γίνεσθαι
610 2476 669 2560 τὴν
690 2472 972 2584 ἀποκατάστασιν
988 2479 1046 2578 apri
1064 2500 1147 2540 παν-

81 2561 136 2633 τὸς
165 2557 224 2667 qdq
252 2560 357 2663 ‹ilrrqclg2
388 2554 474 2625 (illd
502 2504 669 2637 medicinis,
703 2561 831 2644 μᾶλλον
864 2559 900 2623 da
934 2561 980 2632 εἰς
1008 2553 1149 2641 ἄπειρον

82 2653 136 2708 καὶ
164 2641 383 2728 declaratione
410 2644 453 2708 cd
480 2639 567 2708 αὐτὰ
595 2640 904 2709 ἀποκαθίστασθαι
932 2645 1042 2711 (Nemes
1068 2645 1085 2698 l
1109 2646 1147 2709 t).

83 2731 124 2782 tta
142 2736 230 2783 autem
248 2747 307 2784 cum
325 2731 413 2784 omnia
435 2731 549 2784 obscura
572 2745 620 2797 spe
643 2736 670 2784 et
688 2744 767 2784 caeca
789 2731 936 2797 exspectat
929 2747 989 2785 rone
1004 2730 1147 2799 pendeant,

81 2814 133 2868 iam
156 2816 232 2870 Philo
258 2816 373 2870 Iudaeus
400 2816 446 2882 (de
472 2816 570 2870 mundo
596 2817 704 2882 incorr.)
730 2833 783 2870 non
810 2817 866 2870 sine
895 2831 976 2870 causa
1001 2815 1148 2870 irridensa

81 2901 176 2954 Stoicis
193 2900 282 2954 induci
300 2903 337 2955 ait
349 2902 428 2956 deum
439 2917 581 2970 puerorum
593 2919 646 2956 non
658 2902 820 2969 dissimilem,
838 2901 923 2968 quiin
935 2902 1012 2956 litore
1024 2900 1147 2956 ludentes

80 2993 182 3039 temere
205 3002 302 3040 arenae
324 2986 442 3041 cumulos
464 2994 491 3040 et
509 2992 667 3040 coacervent
684 2993 711 3040 et
733 2986 828 3040 iisdem
850 2986 973 3040 manibus
999 2986 1147 3040 destruant.

82 3073 171 3136 Atque
189 3084 268 3137 quum
296 3088 312 3125 a
334 3071 436 3126 Seneca
461 3071 593 3139 pernicies
621 3070 670 3125 illa
695 3071 785 3125 mundi
813 3071 968 3139 „iudicium“
996 3073 1147 3141 appelletur

82 3157 187 3222 generis
204 3156 312 3211 humaui
324 3157 368 3223 (ct
380 3174 405 3210 n.
420 3170 462 3223 qu.
476 3157 523 3223 ΙΙΙ,
537 3158 576 3210 30.
591 3158 627 3226 7),
647 3162 765 3211 attamen
777 3174 826 3225 pro
843 3157 940 3211 iudicio
953 3157 997 3212 dei
1008 3158 1147 3213 iustissimi

82 3239 109 3292 id
135 3240 242 3294 minime
269 3241 362 3295 haberi
389 3257 468 3310 posse
494 3241 663 3296 manifestum
690 3248 738 3296 est.
778 3243 899 3309 Namque
926 3242 1073 3297 Stoicorum
1099 3244 1147 3298 illa

82 3324 241 3394 deflagratio
252 3327 343 3380 mundi
355 3328 479 3393 quoniam
490 3327 566 3381 fatali
577 3327 693 3394 quadam
704 3328 865 3382 necessitate
879 3335 992 3383 naturae
1005 3330 1148 3384 constituta

82 3415 110 3461 et
136 3410 265 3463 obstricta
290 3411 370 3462 certis
390 3410 555 3478 temporibus
575 3412 718 3480 repetitur,
744 3419 820 3466 tanta
847 3430 905 3467 cum
932 3415 1081 3468 constantia
1104 3414 1146 3467 vel

83 3492 169 3545 dicam
186 3493 380 3546 machinatione
398 3509 487 3548 rerum
504 3501 602 3549 natura
618 3497 719 3550 moveri
737 3504 764 3550 et
781 3500 877 3551 mutari
894 3498 1008 3566 videtur,
1025 3505 1056 3552 ut
1073 3499 1147 3567 deus,

83 3577 133 3630 etsi
152 3577 185 3629 ab
204 3583 312 3630 aeterno
329 3578 357 3630 in
375 3585 512 3634 aeternum
530 3596 547 3634 a
564 3582 644 3636 rebus
661 3582 833 3649 procreandis
852 3589 879 3637 et
895 3583 1077 3651 permutandis
1094 3600 1147 3637 non

83 3667 219 3728 avocatur,
238 3661 265 3713 in
283 3662 428 3717 certissimo
444 3671 535 3719 tamen
553 3665 599 3719 illo
616 3681 705 3719 rerum
723 3683 801 3720 cursu
818 3667 846 3720 in
870 3667 987 3736 singulos
1010 3668 1070 3722 illos
1092 3685 1146 3722 ma-

82 3762 148 3813 gnos
167 3761 250 3800 annos
267 3760 316 3814 per
339 3762 397 3801 sese
415 3749 505 3803 voluto
529 3749 592 3815 quid
614 3750 715 3805 habeat
736 3751 868 3806 libertatis
890 3760 970 3819 atque
994 3753 1147 3821 voluntatis,

82 3831 128 3884 vix
148 3832 233 3900 possit
250 3830 376 3900 intellegi.
411 3833 436 3887 A
459 3835 591 3903 portentis
619 3851 725 3890 suorum
751 3837 832 3904 igitur
858 3854 891 3892 ne
913 3838 1016 3893 Seneca
1042 3837 1148 3904 quidem

83 3916 149 3971 satis
167 3923 225 3971 erat
243 3916 353 3972 alienus.
