2460 4186
1091 194 1138 266 65

76 391 179 454 eodem
211 391 362 472 pravitatis
391 389 454 451 ioco
483 387 637 452 haherent:
673 411 732 475 quo
762 391 878 476 iongius
906 391 972 453 ficta
1001 392 1048 454 iiia
1077 413 1143 476 per-

77 494 146 557 fecti
180 492 311 556 hominis
345 494 441 575 imago
477 514 513 553 ex
548 503 704 575 conspectu
729 495 800 565 eius,
834 494 884 577 qui
917 493 1007 555 rebus
1041 499 1144 571 stabat,

77 595 274 666 auferebatur,
308 615 342 655 eo
376 593 469 676 pluris
502 593 672 656 aestimandi
708 614 769 656 esse
803 594 988 666 videbantur,
1023 601 1073 681 qui
1107 619 1145 659 ex

75 702 196 785 gurgite
218 699 362 758 vitiorum
390 706 570 780 emergentes
594 697 697 757 virtuti
726 696 877 759 studerent
904 709 931 758 et
960 697 996 760 ad
1026 721 1145 762 summa

75 803 249 864 niterentur.
295 801 392 883 Atque
419 796 483 858 idco
514 797 622 859 Seneca
651 800 702 858 ctsi
731 797 829 861 cadem
863 796 899 860 de
926 821 1046 862 suorum
1079 822 1145 863 sen-

76 905 167 964 tentia
192 902 277 962 etiam
301 901 350 986 qui
375 897 511 982 proficiat
533 900 561 958 in
587 921 708 961 nurnero
731 899 888 962 stultorum
913 923 975 962 esse
1004 902 1144 978 concedit,

76 1005 113 1066 ab
151 1005 187 1064 iis
224 1001 325 1064 saitem
364 1022 421 1062 non
460 997 602 1071 dissentit,
645 1004 694 1086 qui
732 1004 807 1063 inter
844 1005 922 1087 ipsos
960 1003 1144 1087 proficientes

78 1125 185 1191 magna
215 1123 277 1164 csse
307 1101 471 1165 discrimina
502 1099 762 1178 arbitrabantur¹).
792 1103 855 1165 larn
886 1126 935 1165 eos
966 1109 1044 1167 eninr
1075 1127 1145 1168 con-

76 1205 255 1270 temnendos
291 1227 352 1268 csse
385 1216 481 1290 negat,
521 1207 571 1290 qui
611 1216 694 1266 extra
733 1206 826 1267 multa
869 1218 897 1268 ct
930 1228 1037 1292 nragna
1076 1211 1146 1270 vitia

78 1314 151 1385 sint3
183 1319 251 1370 turn
287 1328 357 1368 vero
392 1306 483 1391 pluris
518 1306 584 1368 iacit
618 1307 778 1369 secundnm
819 1330 913 1392 genus
948 1331 1061 1381 corum,
1096 1313 1146 1395 qui

78 1414 213 1475 maxima
244 1409 364 1496 quidem
392 1409 470 1470 rnaia
501 1420 529 1470 et
563 1406 692 1470 adiectus
728 1409 926 1493 deposuerint,
958 1411 1008 1473 sed
1038 1411 1147 1497 quibus

79 1514 245 1576 securitatis
280 1533 350 1574 suae
380 1533 438 1573 nou
474 1512 510 1571 sit
542 1520 599 1572 tam
633 1521 709 1571 certa
737 1515 890 1594 possessio,
924 1524 958 1574 ut
985 1516 1012 1574 in
1045 1512 1148 1575 eadem

77 1615 170 1678 rciabi
194 1635 254 1677 non
278 1618 408 1698 possint3
432 1615 461 1674 in
486 1613 588 1673 ricinia
613 1610 738 1697 denique
761 1617 919 1696 sapientiae
943 1617 1106 1676 constitisse
1123 1618 1147 1677 ei

83 1716 228 1788 videntur,
253 1717 386 1800 quamvis
416 1717 508 1798 ipsam
542 1715 712 1797 sapientiam
742 1717 800 1777 iarn
831 1738 889 1779 non
917 1715 1052 1791 habeant,
1082 1721 1149 1803 qui·

83 1840 210 1905 cumque
233 1838 266 1880 eo
290 1820 470 1881 constantiae
493 1839 524 1879 ae
547 1819 710 1878 securitatis
734 1826 929 1902 pervenerint,
954 1832 985 1882 ut
1006 1823 1148 1884 omnibus

81 1919 242 1983 adfectibus
265 1921 404 2003 vitiisque
428 1921 530 2002 positis
554 1920 583 1981 in
607 1918 654 1981 ilia
679 1941 753 2004 quac
775 1918 913 2005 fugerant
935 1921 1067 1984 decidere
1089 1945 1148 1985 non

41 2062 57 2079 .
87 2023 207 2106 possint,
229 2025 282 2084 etsi
307 2021 420 2084 bonurn
445 2044 533 2084 suum
558 2021 710 2096 „nondum
741 2027 771 2083 in
798 2045 852 2085 usn
883 2021 1029 2087 habeant“
1057 2027 1150 2110 iisque

85 2121 204 2200 „adhue
227 2127 400 2208 inexperta“
422 2123 527 2185 fidncia
554 2125 592 2184 sit
618 2122 667 2201 (cf.
697 2147 739 2209 cp.
768 2125 817 2189 75.
846 2123 973 2204 9-14).
1023 2127 1053 2188 Si
1083 2128 1150 2211 quis

86 2227 174 2290 huius
194 2228 311 2313 generis
335 2236 385 2298 cst,
411 2226 457 2287 vir
485 2225 581 2287 liunus
605 2225 722 2289 videtur
745 2226 908 2301 „secundae
933 2237 1046 2290 uotae“.
1091 2227 1149 2310 Qui

84 2332 223 2415 quamvis
253 2351 268 2390 a
297 2327 374 2389 bono
399 2329 462 2388 viro
494 2330 607 2409 primae
635 2337 720 2387 notae
743 2327 789 2388 vei
819 2327 903 2409 piane
932 2330 1061 2411 sapiente
1089 2350 1148 2390 non

84 2435 185 2494 minus
208 2430 303 2504 distet,
327 2449 415 2513 quarn
440 2426 532 2489 horno
555 2449 643 2489 sanus
667 2426 703 2489 ab
728 2448 761 2488 eo
784 2431 834 2514 qui
865 2451 901 2491 ex
931 2429 1038 2492 morbo
1068 2433 1152 2515 gravi

85 2554 117 2596 ac
143 2532 259 2595 diutino
288 2543 420 2616 emergat
452 2542 480 2593 et
507 2532 551 2592 eui
587 2531 718 2591 sanitatis
748 2531 810 2592 ioco
840 2536 878 2592 sit
908 2531 1001 2593 levior
1028 2532 1151 2593 accessio

85 2632 136 2715 (ci.
164 2656 208 2718 ep.
230 2631 281 2698 72.
308 2632 329 2694 6
352 2639 424 2718 sq.):
457 2645 551 2694 tamen
586 2654 646 2717 quo
681 2630 735 2694 hac
768 2635 827 2694 vita
864 2636 968 2719 utique
1006 2634 1151 2716 perveniri

86 2738 189 2821 possit,
213 2756 247 2797 eo
270 2735 353 2798 iiiurn
379 2738 547 2821 pervenisse
570 2746 653 2820 putat
669 2747 756 2818 atquc
771 2733 864 2809 „benc
881 2734 1036 2795 nobiscnm
1053 2744 1152 2795 actum

87 2838 143 2899 iri“
166 2849 272 2912 censet,
301 2841 323 2899 si
351 2840 380 2900 iu
408 2836 487 2900 hunc
514 2836 710 2900 admittamur
736 2857 890 2898 numerum
920 2844 979 2918 (ep.
1009 2832 1058 2898 75.
1090 2833 1153 2909 15).

88 2938 269 3002 Nee-tamen
293 2962 342 3002 eos
365 2939 437 3002 nihii
463 2938 617 3021 proiecisse
639 2941 688 3014 ait,
711 2940 761 3022 qni
784 2936 928 2999 inferioris
952 2939 1010 2997 siut
1033 2935 1152 3000 ordinis.

88 3040 246 3126 ,‚Magna“‚
270 3043 373 3127 inquit,
397 3038 551 3117 „felicitate
575 3050 696 3101 naturae
720 3060 887 3124 magnaque
915 3050 942 3100 et
966 3037 1087 3098 adsidua
1111 3039 1154 3098 in·

89 3144 220 3204 tentione
243 3142 332 3204 studii
355 3141 501 3205 secundus
524 3151 686 3224 occupatur
713 3141 838 3225 gradus:
868 3140 917 3201 sed
948 3162 983 3201 ne
1012 3138 1060 3201 hic
1089 3140 1155 3223 qui-

90 3239 155 3303 dcnr
179 3244 409 3306 contemnendus
432 3255 475 3305 cst
504 3241 585 3304 coior
606 3243 718 3305 tertius.
763 3241 879 3324 Cogita,
907 3253 1051 3326 quantum
1081 3242 1155 3302 circa

90 3353 118 3403 te
142 3342 241 3405 videas
264 3344 419 3415 maiorum,
444 3345 569 3428 adspice,
593 3363 683 3427 quarn
709 3341 820 3404 nniiurn
846 3346 883 3403 sit
905 3341 984 3404 nefas
1013 3346 1076 3403 sine
1104 3361 1156 3403 ex-

91 3444 201 3528 emplo,
231 3456 376 3530 quantum
407 3445 512 3507 cotidie
540 3445 667 3529 nequitia
699 3442 839 3527 proficiat,
863 3457 1008 3527 quantum
1039 3443 1155 3526 publice

92 3549 294 3634 privatimque
323 3559 469 3631 peccetur:
503 3546 651 3631 intelleges
679 3548 749 3606 satis
778 3567 830 3606 nos
858 3548 1006 3630 consequi,
1036 3547 1060 3606 si
1083 3548 1158 3605 inter

94 3651 235 3730 pessimos
264 3672 321 3712 non
351 3659 473 3710 suurns“
510 3655 570 3732 (ep.
593 3647 643 3715 75.
668 3646 731 3726 15).
779 3651 874 3730 Atque
902 3649 925 3707 si
960 3648 1026 3731 quis
1062 3655 1159 3731 speret

184 3836 205 3903 ¹)
222 3837 253 3893 cf.
274 3853 313 3906 ep.
336 3840 373 3888 ra.
393 3838 424 3904 83
444 3837 484 3906 rr,
505 3837 546 3890 aa.
565 3837 610 3891 so.
626 3837 678 3906 se,
692 3834 740 3889 ae.
754 3835 811 3900 so,
825 3833 871 3885 rs.
887 3833 904 3882 i
922 3829 1006 3978 2cho
