2460 4186
1088 191 1159 266 105

46 439 49 443 ,
96 409 254 473 supremus
283 391 318 450 iis
346 391 445 464 Instat,
477 413 538 452 non
564 403 626 453 tam
650 391 827 454 immortales
851 404 880 454 et
901 404 1042 467 aeternae,
1072 413 1159 478 quam

95 489 252 552 diuturnae
286 502 314 552 et
341 490 520 576 longinquae
552 490 609 556 dici
638 504 773 576 poterant
784 493 816 570 ¹).
873 493 977 578 Neque
1010 494 1039 556 id
1073 508 1163 580 negat

95 591 214 656 Seneca.
269 591 350 666 „Nos
380 612 498 678 quoque
532 593 627 657 felices
658 598 797 667 animae“‚
831 598 936 681 inquit,
970 608 1018 670 „et
1046 608 1161 658 aeterna

71 695 222 767 sortitae,
257 715 321 755 cum
350 694 405 755 deo
436 697 530 758 visum
558 699 613 758 erit
638 700 744 760 iterum
774 699 829 759 ista
857 697 959 773 moliri,
994 697 1161 762 labentibus

94 798 207 858 eunctis
234 807 262 857 et
295 797 374 879 ipsae
408 819 498 882 parva
532 801 633 861 ruinae
657 801 787 883 Ingentis
820 803 945 861 accessio
979 803 1008 862 iu
1042 803 1162 886 antiqua

94 899 234 960 clementa
258 909 425 960 vertemur“
450 899 553 976 (Marc.
578 899 628 966 26.
653 899 698 980 7),
738 904 867 986 Antiqua
890 913 986 964 autem
1010 901 1080 964 haec
1103 903 1162 964 ele·

95 1011 190 1062 menta
213 998 285 1084 quid
308 1011 378 1062 sunt
400 1000 488 1075 aliud,
513 1024 600 1087 quam
626 1007 743 1066 materia
768 1003 816 1064 illa
844 1016 959 1064 aeterna
984 1003 1028 1064 vel
1058 1014 1162 1066 natura
1205 1081 1208 1088 Ι

94 1122 261 1187 corpusque
295 1100 349 1176 dei,
383 1105 433 1186 qui
460 1116 634 1189 consumpto
662 1103 775 1167 mundo
802 1104 1013 1189 clementisque
1042 1126 1162 1190 qnoque

94 1215 235 1288 quattuor
257 1202 385 1266 conlusis
408 1227 485 1267 unus
508 1205 545 1268 ad
568 1229 678 1270 novum
702 1206 844 1269 mundum
873 1205 1086 1292 procreandum
1115 1227 1161 1267 re-

94 1305 244 1391 quieseat?
269 1304 318 1382 (el.
342 1328 385 1390 ep.
411 1305 438 1372 9.
464 1305 527 1382 Io.)
573 1309 649 1372 Num
673 1312 784 1371 animae
813 1308 848 1370 ad
881 1330 967 1370 uuam
995 1329 1095 1370 omnes
1125 1306 1162 1370 ad

94 1429 247 1469 commune
281 1406 337 1468 hoe
371 1411 501 1470 omnium
534 1430 632 1471 rerum
667 1413 790 1473 exitium
825 1422 1021 1483 reserventur,
1053 1432 1090 1472 ex
1118 1412 1161 1484 iis,

94 1533 168 1598 quae
191 1510 260 1574 dicit
282 1510 401 1585 Seneca,
425 1510 510 1595 plane
533 1515 671 1597 cognosci
694 1534 754 1575 non
777 1524 881 1597 potest,
905 1511 956 1574 sed
971 1520 1062 1597 quum
1078 1511 1163 1587 „leli-

94 1623 159 1676 ccs“
187 1612 250 1675 illas
278 1615 397 1686 animas,
424 1634 498 1699 quas
528 1625 643 1676 aeterna
671 1618 789 1677 sortitas
816 1614 952 1698 appellat,
987 1617 1161 1699 sapientium

94 1728 145 1778 aut
174 1715 318 1778 bonorum
352 1736 415 1777 esse
447 1728 594 1800 appareat,
623 1715 702 1779 haud
733 1718 792 1778 scio
821 1739 858 1779 an
892 1716 947 1778 hoe
978 1716 1041 1778 loco
1071 1719 1162 1801 magis

94 1816 305 1902 Chrysippum,
328 1838 417 1902 quam
440 1816 612 1880 Cleanthem
635 1830 753 1882 secutus
776 1818 910 1880 sordidas
941 1820 1051 1880 animas
1079 1820 1161 1902 prius

95 1923 263 1982 interituras
287 1922 440 1984 censuerit.
475 1919 534 1983 Nec
557 1931 653 1982 tamen
677 1920 733 1982 hoc
756 1923 874 1983 virtutis
896 1919 1015 1982 stImulo
1039 1919 1076 1982 ad
1098 1925 1161 1984 aui-

97 2045 157 2085 mos
193 2019 355 2084 incitandos
391 2024 492 2094 utitur,
528 2042 622 2106 neque
656 2021 717 2084 ullo
752 2022 814 2084 loco
849 2032 948 2105 aperte
981 2021 1044 2084 aliis
1078 2023 1162 2083 aliam

96 2123 222 2188 suturam
247 2122 374 2186 ostendit
397 2122 557 2197 fortunam3
587 2122 637 2186 sed
665 2146 867 2209 quaecumque
900 2143 994 2204 usque
1021 2123 1057 2184 ad
1087 2123 1162 2186 diem

97 2245 299 2254 κ-

96 2294 235 2348 sententiis
253 2306 332 2360 quam
350 2293 463 2347 maxime
482 2293 608 2346 variatur.
631 2293 764 2362 Diogenes
783 2292 894 2361 Stoicus,
912 2300 942 2348 ut
961 2294 1012 2346 hoc
1024 2309 1076 2346 uno
1093 2299 1163 2360 utar,

96 2381 146 2434 nisi
164 2380 265 2433 exactis
284 2377 421 2432 CCCLXV
438 2378 515 2431 annis
532 2377 710 2446 Heraclidem,
728 2392 839 2444 quorum
852 2378 948 2446 singuli
960 2383 1028 2431 teste
1047 2375 1163 2430 Stobaeo

96 2466 156 2529 (ecl.
175 2465 218 2532 ph.
243 2466 254 2516 I
280 2477 336 2530 cap.
364 2467 387 2515 8.
411 2463 456 2528 22)
480 2462 571 2515 XVIII
594 2463 668 2516 milia
694 2479 823 2516 annorum
849 2471 999 2516 nostrorum
1025 2461 1164 2528 complecti

96 2549 227 2618 dicuutur,
246 2549 365 2602 ultimam
381 2546 456 2601 illam
479 2548 677 2601 convcrsIonem
700 2554 727 2600 et
751 2548 977 2614 perturbationem
1001 2561 1089 2600 rerum
1111 2541 1164 2600 non
1220 2602 1223 2607 ,

96 2638 178 2691 affore
203 2633 344 2689 contendit.
387 2632 440 2686 Alii
463 2632 543 2686 aliam
565 2633 645 2686 huius
662 2633 701 2686 rei
718 2633 848 2687 rationem
866 2632 1062 2697 subduxerunt3
1083 2631 1177 2684 omni·-

96 2722 145 2775 bus
163 2727 253 2774 tamen
271 2717 438 2773 haecmundi
456 2718 571 2785 paruum
587 2718 735 2772 coniunctio
754 2718 776 2771 si
788 2735 841 2772 non
859 2719 1027 2784 sempiterna,
1046 2723 1074 2769 at
1092 2721 1164 2770 certe

95 2806 270 2874 perdiutuma
287 2819 346 2858 esse
368 2809 448 2870 atque
471 2803 506 2856 ad
528 2803 700 2870 longinquum
725 2810 752 2857 et
773 2805 929 2856 immensum
953 2816 1037 2869 paene
1059 2809 1164 2868 tempus

95 2906 252 2959 permanere
261 2890 409 2943 videbatur.
435 2888 544 2956 Seneca,
555 2890 601 2954 qui
614 2905 630 2942 a
641 2889 721 2942 rebus
732 2888 841 2942 incertis
851 2888 1031 2941 assensionem
1041 2884 1164 2940 cohibere

97 2978 189 3044 soleat,
208 2989 368 3041 quamquam
386 2973 450 3039 quin
467 2979 572 3038 tempus
596 2972 759 3025 adventurus
778 2973 824 3040 sit,
848 2986 900 3038 quo
922 2978 1059 3040 „vetustas
1077 2972 1165 3025 omnia

97 3067 200 3116 sternat
218 3057 402 3126 abducetque
422 3057 465 3121 (of.
484 3058 567 3110 Marc.
585 3059 626 3110 26.
646 3060 682 3123 6.)
704 3073 757 3111 non
777 3056 889 3125 dubitat,
911 3048 940 3111 at'
963 3057 996 3110 de
1018 3058 1075 3124 ipso
1098 3064 1163 3111 tem-

97 3160 161 3212 pore
180 3143 244 3199 nihil
264 3143 327 3198 dicit
344 3143 407 3198 nisi:
428 3159 502 3210 „eum
521 3141 571 3194 deo
588 3142 673 3195 visum
686 3141 752 3195 erit“
771 3141 815 3206 (cf.
828 3143 910 3195 Marc.
924 3141 965 3194 26.
979 3146 1008 3209 73
1019 3158 1044 3195 n.
1058 3156 1101 3208 qu.
1115 3142 1164 3210 III,

97 3233 137 3286 28.
157 3234 194 3299 t),
213 3236 240 3283 et
263 3229 388 3295 quoniam
414 3227 502 3282 omnia
531 3228 647 3280 aeternis
669 3234 781 3280 naturae
808 3227 911 3295 legibus
938 3227 1080 3294 praefinita
1106 3242 1164 3280 esse

97 3323 233 3384 putantur,
251 3314 279 3368 id
296 3314 362 3368 nihil
380 3313 453 3367 aliud
470 3319 511 3366 est
529 3311 626 3380 dicere,
645 3326 723 3378 quam
742 3311 808 3366 illud
826 3312 884 3366 fieri
901 3312 964 3380 fato,
984 3313 1056 3366 cuius
1075 3328 1164 3366 neces·

98 3402 164 3456 sitas
182 3408 210 3454 et
227 3400 284 3454 deis
302 3400 336 3453 sit
353 3398 476 3465 imposita
494 3397 538 3462 (cf.
557 3411 630 3464 prov.
650 3399 674 3466 5,
692 3400 728 3463 8).

187 3485 207 3553 ¹)
234 3488 324 3554 Atque
347 3483 407 3537 ideo
429 3484 573 3538 docebant:
600 3482 658 3566 τὴν
688 3483 796 3572 tpttxipv
830 3520 861 3527 „.
891 3481 976 3563 μετὰ
1011 3477 1164 3544 θάνατον

98 3569 296 3651 ἐπιμένειν·
320 3563 476 3655 φθαρτὴν
498 3568 534 3631 δὲ
558 3567 643 3631 εἶναι
666 3586 671 3597 ·
695 3565 753 3650 τὴν
775 3566 810 3637 δὲ
833 3568 900 3628 τῶν
923 3561 1007 3628 ὅλων
1030 3558 1164 3647 ἄφθαρ-

98 3677 170 3729 τον,
199 3646 233 3736 ἧς
258 3656 338 3738 μέρη
368 3652 452 3716 εἶναι
479 3651 538 3724 τὰς
566 3652 602 3717 ἐν
630 3657 698 3721 τοῖς
728 3647 818 3734 ζῴοις
845 3649 934 3716 (Βὶοἐ
957 3649 987 3700 1¹·
1012 3648 1072 3713 Vll,
1097 3647 1164 3709 156)·

100 3736 158 3804 Qua
176 3736 209 3790 de
227 3753 308 3791 causa
326 3735 430 3790 Cicero:
449 3735 547 3804 „Stoici
565 3750 672 3789 usuram
689 3734 765 3788 nobis
781 3733 946 3800 largiuntur,
956 3739 1107 3792 tammum
1120 3741 1181 3774 cox-

99 3821 214 3875 nicibus:
232 3821 276 3875 dIu
289 3837 426 3874 mansuros
439 3822 515 3877 aiunt
533 3823 646 3890 ammos,
665 3836 775 3888 semper
792 3814 915 3885 negarit*
936 3801 1216 3874 (Iuscffqsmx

956 3878 1008 3946 ‘slt-
