2460 4186
1069 200 1116 273 63

56 416 188 490 (tranqu.
213 426 258 484 an.
281 403 310 469 7.
333 401 377 481 4),
424 402 549 466 Tantam
573 403 648 463 enim
673 400 840 473 „bonorum
865 409 1043 485 egestatem‘t
1059 421 1121 462 esse

58 509 154 581 sentit,
182 517 214 569 ut
242 527 297 590 pro
325 506 437 588 optimo
465 502 616 567 ducendus
647 506 685 573 sit
713 505 828 566 minime
864 501 957 564 malus
984 513 1071 586 atque
1098 505 1121 562 si

59 609 123 694 quis
147 607 312 671 virbonus
336 605 516 689 deorumque
540 609 636 669 socius
664 605 725 668 fieri
753 608 847 689 possit
874 615 902 666 et
930 604 1070 690 intellegi,
1094 615 1123 666 at

57 721 134 774 certe
156 711 236 773 nasei
261 730 327 771 eum
351 708 511 772 arbitratur
534 719 700 791 „tamquam
729 705 898 789 phoenicem
929 706 1016 768 semel
1047 729 1123 768 auno

57 881 157 947 multa;
176 879 303 947 sequitur,
322 883 352 931 ut
369 877 484 931 omnium
502 892 629 930 summam
640 871 791 944 homird'que
804 874 983 944 dignissimam
1000 880 1124 931 virtutem

57 985 111 1022 non
129 971 206 1034 putet
223 963 400 1018 Christianam
416 955 929 1030 111616(1616666666616166661616166,
943 979 1019 1030 quae,
1032 980 1122 1030 quam-

58 1055 100 1106 vis
118 1053 176 1121 ipse
193 1051 244 1104 sibi
262 1049 334 1117 velit,
351 1051 379 1103 in
397 1048 517 1104 omnibus
529 1048 608 1102 rebus
627 1047 758 1102 volrmtati
777 1055 804 1101 et
823 1049 949 1115 potestati
967 1064 1122 1117 superorum

58 1154 118 1192 sese
140 1137 281 1206 permittat
300 1135 343 1200 (ol.
367 1151 408 1203 ep.
432 1136 473 1201 66,
497 1135 533 1202 2),
555 1133 603 1188 666
626 1132 897 1200 animuminvictum,
912 1134 975 1187 ‚sibi
996 1135 1042 1188 uni
1064 1152 1124 1188 oon-

56 1223 191 1290 fideutem,
208 1222 275 1276 recti
292 1221 401 1288 verique
419 1235 467 1288 per
485 1236 513 1274 se
531 1225 709 1289 appetentem,
728 1219 770 1272 vel
789 1217 935 1272 Stoicorum
952 1219 1025 1273 illam
1043 1221 1123 1274 animi

58 1309 235 1362 constantiam
253 1324 284 1373 66
300 1307 423 1376 rigorem,
447 1306 492 1375 qui
514 1321 563 1360 sua
585 1305 611 1357 vi
634 1311 661 1357 et
678 1304 816 1359 voluntate
840 1304 924 1358 fretus
946 1305 1066 1361 fortunae
1084 1323 1124 1361 re·

58 1395 145 1461 sistat,
170 1392 295 1460 quamdiu
317 1391 483 1446 contumacia
503 1390 589 1444 libera
612 1389 711 1456 aliquid
735 1389 804 1444 effici
825 1391 909 1458 possit
933 1397 960 1443 et
983 1391 1125 1448 emendari.

59 1480 184 1533 Omnium
202 1494 265 1532 vero
282 1476 434 1547 longissime
458 1477 535 1530 abest
558 1481 684 1528 amente
707 1475 864 1542 Christiana,
887 1475 957 1542 quod
982 1494 1041 1530 oum
1058 1478 1126 1531 hano

58 1552 143 1617 vitam
177 1563 283 1618 Catonis
313 1564 466 1630 honestam,
498 1568 553 1615 tum
579 1560 706 1628 imprimis
733 1560 908 1615 voluntariam
935 1563 991 1615 eius
1017 1570 1127 1618 mortem

59 1649 196 1704 collaudat
214 1646 386 1719 „gloriosam‘⁸
406 1649 449 1714 (66
470 1663 510 1716 ep.
529 1648 570 1701 82,
591 1647 635 1713 ta;
654 1663 695 1715 ep.
710 1649 749 1700 71.
763 1649 791 1698 15
812 1647 867 1711 al).
891 1648 984 1716 Neque
997 1649 1044 1703 alli
1057 1651 1125 1703 enim

60 1735 208 1789 Stoicorum
243 1751 329 1804 neque
366 1736 484 1789 Senecae
513 1735 541 1787 in
567 1739 682 1786 mentem
714 1733 795 1800 venit,
836 1750 888 1787 non
918 1749 976 1788 esse
1000 1735 1126 1790 maiorem

60 1819 167 1876 cladem
189 1821 310 1888 hominis,
339 1837 418 1889 quam
441 1820 521 1874 rebus
544 1811 692 1887 desperatis
717 1819 837 1873 omnibus
860 1820 942 1872 vitam
965 1821 1078 1876 abiicere
1101 1830 1128 1876 et

58 1908 174 1963 statione
192 1913 328 1974 tamquam
352 1906 460 1960 deserta
483 1905 569 1959 fraoto
593 1904 680 1957 animo
706 1904 785 1972 fugae
809 1921 837 1958 se
860 1906 1034 1973 committere3
1057 1924 1127 1962 mors

57 1993 220 2060 voluntaria,
246 2006 314 2058 quae
337 1991 457 2044 omnibus
478 1991 578 2044 viribus
598 1991 760 2058 consumptis
781 1989 890 2044 tandem
907 1991 986 2045 rebus
1009 1991 1128 2047 adversis

58 2079 147 2147 eedat,
166 2077 290 2145 egregiae
309 2075 469 2129 fortitudinis
489 2091 519 2129 66
536 2075 668 2129 libertatis
693 2076 717 2127 ei
735 2090 793 2128 esse
812 2075 926 2143 videtur,
949 2093 1017 2143 quae
1036 2079 1128 2146 optimi

59 2167 188 2231 cuiusque
206 2162 348 2216 maximam
366 2161 465 2217 babeat
484 2161 691 2215 admirationem.
728 2162 789 2229 lpse
808 2161 889 2228 igitur
907 2162 963 2215 sine
980 2161 1036 2216 ulla
1054 2164 1129 2217 dubi-

58 2255 174 2306 tatione:
199 2246 333 2316 „Catoni“,
351 2246 445 2315 inquit,
464 2247 597 2315 „gladium
621 2246 814 2300 adsertatorem
834 2246 966 2300 libertatis
989 2255 1129 2316 extorque:

60 2352 186 2404 magnam
203 2341 308 2402 partem
327 2332 476 2386 detraxeris
494 2332 610 2402 gloriae“
630 2333 683 2400 (ep.
700 2333 736 2384 13.
752 2333 824 2407 itt„
840 2333 926 2386 Tanto
945 2332 1028 2401 pluris
1040 2335 1129 2388 existi-

60 2428 125 2487 mat,
144 2419 214 2486 quod
232 2418 360 2489 singulari
377 2419 468 2472 mortis
487 2417 609 2486 exemplo
626 2417 671 2470 ille
690 2416 813 2485 ostendit,
835 2417 920 2470 virum
938 2418 1031 2474 fortem
1049 2437 1127 2488 posse

62 2504 166 2573 „invita
183 2501 288 2557 iortuna
299 2504 398 2571 vivere,
416 2503 500 2557 invita
517 2503 599 2557 16661ιι
619 2501 722 2571 (6166.
738 2502 909 2569 1662633).
938 2505 1058 2572 Namque
1071 2523 1129 2560 oum

63 2588 238 2658 „deploratae
259 2597 348 2644 essent
370 2605 414 2643 res
436 2589 544 2642 humani
568 2588 689 2656 generis“
711 2589 740 2652 (1.
763 2604 803 2657 ep.
827 2590 868 2642 24.
889 2589 927 2658 7),
950 2590 1076 2660 gladium,
1099 2600 1129 2647 ut

64 2676 101 2728 ait
118 2689 204 2743 paene
221 2675 338 2749 ornatius
355 2675 502 2741 meritoque
520 2673 740 2743 magnificentius,
759 2691 851 2742 ,sacro
867 2674 985 2743 pectori“
1003 2676 1090 2730 infixit
1101 2686 1129 2732 et

61 2762 135 2815 illam
158 2761 369 2828 „sanctissimam
392 2760 522 2814 animam*
550 2776 646 2828 „manu
667 2759 823 2829 purissima“
852 2761 951 2828 eduxit,
978 2762 1070 2828 „simul
1094 2763 1127 2817 de

62 2863 90 2900 se
109 2865 141 2902 ae
159 2846 192 2900 de
214 2846 351 2915 republica
373 2845 464 2914 palam
486 2847 573 2900 faeere
596 2846 719 2901 6666166α
743 2846 787 2910 (el.
810 2862 884 2915 prov.
908 2849 930 2900 2.
954 2849 994 2913 tt,
1022 2855 1127 2916 tranqu.

63 2948 105 2985 an.
125 2933 164 2984 16.
186 2933 211 2999 1;
230 2947 272 3000 ep.
291 2935 331 2985 61.
353 2933 396 2996 ta,
421 2947 461 3000 ep.
481 2935 521 2984 68.
543 2931 574 2984 12
592 2931 639 2994 al.)
682 2933 718 2985 Et
740 2931 803 2999 quid
826 2933 887 2985 huie
909 2933 986 2986 morti
1010 2949 1128 2988 summae

61 3016 137 3071 laudi
154 3015 227 3070 ducit
244 3015 363 3072 Seneca?
382 3017 467 3084 Quum
484 3017 559 3084 illud,
578 3015 648 3084 quod
666 3017 768 3084 eripere
788 3019 913 3072 serebas
931 3018 1052 3073 humanis
1070 3026 1129 3075 erat

62 3102 125 3170 „diu
143 3100 299 3155 meditatum
316 3101 399 3170 opus“
418 3109 445 3156 et
463 3102 534 3169 quod
552 3103 668 3156 maxima
686 3102 765 3155 animi
778 3102 930 3156 fortitudine
949 3119 979 3156 ao
992 3103 1129 3160 voluntate

61 3188 157 3242 ultima
174 3185 222 3240 1116
245 3192 321 3243 noete
338 3188 457 3242 Platonis
475 3180 657 3257 Phaedonlem
679 3187 753 3242 illum
777 3188 842 3257 legit
865 3190 967 3257 „posito
990 3190 1024 3243 ad
1049 3198 1129 3260 66661

62 3272 168 3341 gladio“
187 3272 230 3337 (61
250 3287 292 3342 ep.
310 3273 350 3327 24.
370 3276 398 3341 6;
416 3289 490 3343 prov.
509 3275 531 3327 2.
547 3275 595 3338 to,
613 3290 654 3342 ep.
674 3274 713 3326 71.
734 3274 785 3342 ld),
802 3281 859 3326 tum
876 3275 956 3328 etiam
969 3274 1040 3343 quod
1052 3276 1129 3344 qnasi

63 3357 105 3410 bis
126 3359 241 3413 moriens
263 3360 389 3427 „volnera
413 3375 508 3426 parum
537 3358 653 3413 demissa
675 3359 791 3435 laxavit“
817 3366 844 3413 et
865 3361 1024 3426 ,6611666166
1049 3378 1127 3429 quam

63 3441 163 3496 lecerat
179 3444 352 3499 retractatur
371 3444 415 3510 (ef.
435 3460 476 3513 ep.
496 3447 535 3499 67.
557 3446 601 3511 13,
621 3448 635 3494 t
641 3445 660 3498 1,
681 3446 732 3512 17),
751 3444 821 3512 quod
837 3445 996 3513 „acerrimus
1015 3447 1054 3500 661
1072 3447 1128 3500 vin·

63 3525 132 3582 dex“
155 3528 256 3596 „iratus
280 3530 330 3583 sibi
353 3529 438 3584 nudas
461 3530 489 3583 in
511 3530 605 3584 volnus
629 3546 721 3584 manus
744 3532 797 3599 egit
824 3536 850 3585 et
874 3546 1031 3599 generosum
1053 3532 1127 3587 illum

63 3619 323 3684 contemptoremque
347 3615 431 3669 omnis
457 3614 593 3683 potentiae
620 3616 741 3684 spiritum
767 3633 820 3669 non
842 3617 936 3685 emisit,
964 3617 1011 3672 sed
1034 3617 1127 3673 eieoit“

63 3699 116 3769 (ep.
134 3698 176 3751 24.
196 3703 224 3768 93
252 3698 283 3752 el.
306 3714 347 3768 ep.
368 3703 407 3752 76.
429 3704 472 3770 ¹93
502 3701 542 3753 95.
562 3700 607 3766 72;
634 3716 708 3769 prov,
731 3702 755 3755 2.
780 3702 815 3766 9).
862 3702 927 3756 inde
950 3703 1047 3758 laetum
1069 3721 1127 3760 esse

62 3790 162 3850 censet,
181 3785 259 3850 6116,
279 3799 357 3850 quem
375 3792 451 3838 aetas
467 3801 517 3840 666
529 3801 623 3854 parum
640 3786 824 3855 intellexisset,
844 3787 886 3851 (61.
906 3794 1019 3843 contum.
1042 3792 1064 3858 1,
1083 3789 1127 3857 3)“

61 3868 97 3923 ad
114 3868 341 3947 immortalitatem
364 3869 501 3925 moriendo
529 3870 648 3924 veniret“
675 3871 718 3936 (61.
736 3878 822 3939 tranq.
850 3888 891 3926 an.
916 3875 1019 3937 166.
1055 3875 1140 3937 (1666
